@article{dielec,
author = {Fennell, C.J.},
title = {Simple liquid models with corrected dielectric constants},
journal = {The Journal of Physical Chemistry B},
year = 2012,
number = 23,
pages = {6936-6944},
month = 3,
volume = 116
}

@article{sos,
author = {Lustig, Rolf},
title = {Direct molecular NVT simulation of the isobaric heat capacity, speed of sound and Joule-Thomson coefficient},
journal = {Molecular Simulation},
year = 2011,
number = 6,
pages = {457-465},
month = 5,
volume = 37
}

@article{hvap,
author = {Wang et al.},
title = {Application of Molecular Dynamincs Simulations in Molecular Property Prediction. 1. Density and Heat of Vaporization},
journal = {Journal of Chemical Theory and Computation},
year = 2011,
number = 7,
pages = {2151-2165},
month = 5,
volume = 7
}

@article{hexc,
author = {Dai et al.},
title = {Enthalpies of mixing predicted using molecular dynamics simulations and OPLS force field},
journal = {Fluid Phase Equilibria},
year = 2010,
number = 2,
pages = {156-165},
month = 3,
volume = 289
}

@article{comp,
author = {Dadarlat et al.}
title = {Insights into Protein Compressibility from Molecular Dynamics Simulations},
journal = {The Journal of Physical Chemistry B},
year = 2000,
number = 3,
pages = {715-724},
month = 12,
volume = 105
}


